@misc{placeholder,
  author = {Alan Szmyt},
  title = {THERAPY Proposal},
  year = {2025}
}

@misc{samhsa_grants,
  author = {SAMHSA},
  title = {Grant Programs},
  year = {2025},
  url = {https://www.samhsa.gov/grants}
}

@misc{nimh_funding,
  author = {National Institute of Mental Health},
  title = {NIMH Funding Opportunities},
  year = {2024},
  url = {https://www.nimh.nih.gov/funding}
}

@misc{nsf_funding,
  author = {National Science Foundation},
  title = {Funding Opportunities},
  year = {2025},
  url = {https://www.nsf.gov/funding/opportunities}
}

@misc{action_alliance,
  author = {National Action Alliance for Suicide Prevention},
  title = {Strategic Partnerships and Research},
  year = {2025},
  url = {https://theactionalliance.org}
}

@misc{va_innovation,
  author = {U.S. Department of Veterans Affairs},
  title = {VA Mental Health Innovation Office},
  year = {2025},
  url = {https://www.innovation.va.gov/hil/views/immersive/immersive-programs.html}
}

@misc{crisis_kennedy,
  author = {Crisis Text Line and The Kennedy Forum},
  title = {Partnerships and Tech Innovation},
  year = {2025},
  url = {https://www.crisistextline.org}
}

@misc{who_suicide_2025,
  author = {World Health Organization},
  title = {Suicide Fact Sheet},
  year = {2025},
  month = {March},
  url = {https://www.who.int/news-room/fact-sheets/detail/suicide}
}

@article{who_substance_2022,
  author = {Ferrari, A. J. and others},
  title = {The epidemiology of substance use disorders in mental health},
  journal = {The Lancet Psychiatry},
  volume = {9},
  number = {2},
  pages = {123--134},
  year = {2022},
  doi = {10.1016/S2215-0366(21)00001-3}
}

